@article{Chin2013,
author = {Chin, YK and Tham, HJ and Rao, NSVK and Bolong, Nurmin and Teo, KTK},
file = {:C$\backslash$:/Users/rui/Desktop/OPTIMIZATION\_OF\_URBAN\_MULTI-INTERSECTION\_TRAFFIC\_FLOW\_VIA\_Q-LEARNING-libre.pdf:pdf},
journal = {academia.edu},
keywords = {for adaptability is necessary,in the development of,intelligent,multi-agents systems,q-learning,reinforcement learning,signal timing plan management,traffic,traffic networks},
number = {January},
pages = {485--491},
title = {{OPTIMIZATION OF URBAN MULTI-INTERSECTION TRAFFIC FLOW VIA Q-LEARNING}},
url = {http://www.academia.edu/download/31091663/OPTIMIZATION\_OF\_URBAN\_MULTI-INTERSECTION\_TRAFFIC\_FLOW\_VIA\_Q-LEARNING.pdf},
volume = {6956},
year = {2013}
}
@article{Oliveira2006,
author ={Denise de Oliveira , Ana Bazzan , Bruno da Silva , Eduardo Basso},
file = {:C$\backslash$:/Users/rui/Desktop/53.pdf:pdf},
journal = {EUMAS},
title = {{Reinforcement Learning based Control of Traffic Lights in Non-stationary Environments: A Case Study in a Microscopic Simulator.}},
url = {http://www.researchgate.net/publication/221613090\_Reinforcement\_Learning\_based\_Control\_of\_Traffic\_Lights\_in\_Non-stationary\_Environments\_A\_Case\_Study\_in\_a\_Microscopic\_Simulator/file/60b7d5231cb101e962.pdf},
year = {2006}
}


@article{acetatos2014,
author ={Eug√©nio Oliveira},
url = {http://paginas.fe.up.pt/~eol/AIAD/aulas/1415/AIAD2e.pdf},
file = {},
journal = {AIAD},
title = {{Material given at class}},
year = {2014}
}